@Article{ StarPU,
  author 	= {C{\'e}dric Augonnet and Samuel Thibault and Raymond Namyst and Pierre-Andr{\'e} Wacrenier},
  title		= {{StarPU: A Unified Platform for Task Scheduling on Heterogeneous Multicore Architectures}},
  journal	= {Concurrency and Computation: Practice and Experience},
  volume	= 23,
  issue		= 2,
  pages		= {187--198},
  year		= 2011,
  month		= feb,
  publisher	= {John Wiley & Sons, Ltd.},
  Burl          = {http://hal.inria.fr/inria-00550877}
}

@Article{ MPI,
  author 	= {Paul Bedaride and Augustin Degomme and St{\'e}phane Genaud and Arnaud Legrand and George Markomanolis and Martin Quinson and Mark Stillwell and Fr{\'e}d{\'e}ric Suter and Brice Videau},
  title		= {{Toward Better Simulation of MPI Applications on Ethernet/TCP Networks}},
  journal	= {Benchmarking and Simulation of High Performance Computer Systems},
  year		= 2013,
  month		= nov,
  Burl          = {https://hal.inria.fr/hal-00919507}
}

@Article{ Simgrid,
  author 	= {Henri Casanova and Arnaud Giersch and Arnaud Legrand and Martin Quinson and Fr{\'e}d{\'e}ric Suter},
  title		= {{Versatile, Scalable, and Accurate Simulation of Distributed Applications and Platforms}},
  journal	= {Journal of Parallel and Distributed Computing},
  pages		= {2899--2917},
  year		= 2014,
  Burl          = {https://hal.inria.fr/hal-01017319v2}
}

@Article{ StarPU-MPI,
  author 	= {C{\'e}dric Augonnet and Olivier Aumage and Nathalie Furmento and Samuel Thibault and Raymond Namyst},
  title		= {{StarPU-MPI: Task Programming over Clusters of Machines Enhanced with Accelerators}},
  year		= 2014,
  Burl          = {https://hal.inria.fr/hal-00992208v2}
}

@Article{ StarPUSG,
  author 	= {Luka Stanisic and Samuel Thibault and Arnaud Legrand and Brice Videau and Jean-Fran{\c c}ois M{\'e}haut},
  title		= {{Faithful Performance Prediction of a Dynamic Task-Based Runtime System for Heterogeneous Multi-Core Architectures}},
  journal	= {Concurrency and Computation: Practice and Experience},
  year		= 2015,
  publisher	= {John Wiley & Sons, Ltd.},
  Burl          = {http://hal.inria.fr/inria-00550877}
}
